@article{zackrisson2014light,
  title={Light in and sound out: emerging translational strategies for photoacoustic imaging},
  author={Zackrisson, Sophia and Van De Ven, SMWY and Gambhir, SS},
  journal={Cancer research},
  volume={74},
  number={4},
  pages={979--1004},
  year={2014},
  publisher={AACR}
}

@misc{witte2020invertiblenetworks,
  title={InvertibleNetworks. jl: A Julia framework for invertible neural networks},
  author={Witte, Philipp and Rizzuti, Gabrio and Louboutin, Mathias and Siahkoohi, Ali and Herrmann, Felix},
  year={2020},
  publisher={November}
}

@article{witte2019large,
  title={A large-scale framework for symbolic implementations of seismic inversion algorithms in Julia},
  author={Witte, Philipp A and Louboutin, Mathias and Kukreja, Navjot and Luporini, Fabio and Lange, Michael and Gorman, Gerard J and Herrmann, Felix J},
  journal={Geophysics},
  volume={84},
  number={3},
  pages={F57--F71},
  year={2019},
  publisher={Society of Exploration Geophysicists}
}
@article{louboutin2019devito,
  title={Devito (v3. 1.0): an embedded domain-specific language for finite differences and geophysical exploration},
  author={Louboutin, Mathias and Lange, Michael and Luporini, Fabio and Kukreja, Navjot and Witte, Philipp A and Herrmann, Felix J and Velesko, Paulius and Gorman, Gerard J},
  journal={Geoscientific Model Development},
  volume={12},
  number={3},
  pages={1165--1187},
  year={2019},
  publisher={Copernicus GmbH}
}

@article{hauptmann2018model,
  title={Model-based learning for accelerated, limited-view 3-D photoacoustic tomography},
  author={Hauptmann, Andreas and Lucka, Felix and Betcke, Marta and Huynh, Nam and Adler, Jonas and Cox, Ben and Beard, Paul and Ourselin, Sebastien and Arridge, Simon},
  journal={IEEE transactions on medical imaging},
  volume={37},
  number={6},
  pages={1382--1393},
  year={2018},
  publisher={IEEE}
}

@article{putzky2019rim,
  title={i-RIM applied to the fastMRI challenge},
  author={Putzky, Patrick and Karkalousos, Dimitrios and Teuwen, Jonas and Miriakov, Nikita and Bakker, Bart and Caan, Matthan and Welling, Max},
  journal={arXiv preprint arXiv:1910.08952},
  year={2019}
}

@article{putzky2019invert,
  title={Invert to learn to invert},
  author={Putzky, Patrick and Welling, Max},
  journal={Advances in Neural Information Processing Systems},
  volume={32},
  year={2019}
}

@article{bench2020toward,
  title={Toward accurate quantitative photoacoustic imaging: learning vascular blood oxygen saturation in three dimensions},
  author={Bench, Ciaran and Hauptmann, Andreas and Cox, Ben T},
  journal={Journal of Biomedical Optics},
  volume={25},
  number={8},
  pages={085003},
  year={2020},
  publisher={SPIE}
}

@article{kingma2014adam,
  title={Adam: A method for stochastic optimization},
  author={Kingma, Diederik P and Ba, Jimmy},
  journal={arXiv preprint arXiv:1412.6980},
  year={2014}
}

@article{louboutin2019devito,
  title={Devito (v3. 1.0): an embedded domain-specific language for finite differences and geophysical exploration},
  author={Louboutin, Mathias and Lange, Michael and Luporini, Fabio and Kukreja, Navjot and Witte, Philipp A and Herrmann, Felix J and Velesko, Paulius and Gorman, Gerard J},
  journal={Geoscientific Model Development},
  volume={12},
  number={3},
  pages={1165--1187},
  year={2019},
  publisher={Copernicus GmbH}
}

@article{treeby2010k,
  title={k-Wave: MATLAB toolbox for the simulation and reconstruction of photoacoustic wave fields},
  author={Treeby, Bradley E and Cox, Benjamin T},
  journal={Journal of biomedical optics},
  volume={15},
  number={2},
  pages={021314},
  year={2010},
  publisher={International Society for Optics and Photonics}
}

@article{mogensen2018optim,
  author  = {Mogensen, Patrick Kofod and Riseth, Asbj{\o}rn Nilsen},
  title   = {Optim: A mathematical optimization package for {Julia}},
  journal = {Journal of Open Source Software},
  year    = {2018},
  volume  = {3},
  number  = {24},
  pages   = {615},
  doi     = {10.21105/joss.00615}
}

@article{goodfellow2014generative,
  title={Generative adversarial nets},
  author={Goodfellow, Ian and Pouget-Abadie, Jean and Mirza, Mehdi and Xu, Bing and Warde-Farley, David and Ozair, Sherjil and Courville, Aaron and Bengio, Yoshua},
  journal={Advances in neural information processing systems},
  volume={27},
  year={2014}
}

@article{kendall2017uncertainties,
  title={What uncertainties do we need in bayesian deep learning for computer vision?},
  author={Kendall, Alex and Gal, Yarin},
  journal={arXiv preprint arXiv:1703.04977},
  year={2017}
}

@inproceedings{lu2020structured,
  title={Structured output learning with conditional generative flows},
  author={Lu, You and Huang, Bert},
  booktitle={Proceedings of the AAAI Conference on Artificial Intelligence},
  volume={34},
  number={04},
  pages={5005--5012},
  year={2020}
}

@article{sandbichler2015novel,
  title={A novel compressed sensing scheme for photoacoustic tomography},
  author={Sandbichler, Michael and Krahmer, Felix and Berer, Thomas and Burgholzer, Peter and Haltmeier, Markus},
  journal={SIAM Journal on Applied Mathematics},
  volume={75},
  number={6},
  pages={2475--2494},
  year={2015},
  publisher={SIAM}
}

@article{jathoul2015deep,
  title={Deep in vivo photoacoustic imaging of mammalian tissues using a tyrosinase-based genetic reporter},
  author={Jathoul, Amit P and Laufer, Jan and Ogunlade, Olumide and Treeby, Bradley and Cox, Ben and Zhang, Edward and Johnson, Peter and Pizzey, Arnold R and Philip, Brian and Marafioti, Teresa and others},
  journal={Nature Photonics},
  volume={9},
  number={4},
  pages={239--246},
  year={2015},
  publisher={Nature Publishing Group}
}

@article{hadamard1902problemes,
  title={Sur les probl{\`e}mes aux d{\'e}riv{\'e}es partielles et leur signification physique},
  author={Hadamard, Jacques},
  journal={Princeton university bulletin},
  pages={49--52},
  year={1902}
}

@article{kirichenko2020normalizing,
  title={Why normalizing flows fail to detect out-of-distribution data},
  author={Kirichenko, Polina and Izmailov, Pavel and Wilson, Andrew Gordon},
  journal={arXiv preprint arXiv:2006.08545},
  year={2020}
}

@inproceedings{asim2020invertible,
  title={Invertible generative models for inverse problems: mitigating representation error and dataset bias},
  author={Asim, Muhammad and Daniels, Max and Leong, Oscar and Ahmed, Ali and Hand, Paul},
  booktitle={International Conference on Machine Learning},
  pages={399--409},
  year={2020},
  organization={PMLR}
}

@article{levi2019evaluating,
  title={Evaluating and calibrating uncertainty prediction in regression tasks},
  author={Levi, Dan and Gispan, Liran and Giladi, Niv and Fetaya, Ethan},
  journal={arXiv preprint arXiv:1905.11659},
  year={2019}
}

@article{hauptmann2020deep,
  title={Deep Learning in Photoacoustic Tomography: Current approaches and future directions},
  author={Hauptmann, Andreas and Cox, Ben T},
  journal={Journal of Biomedical Optics},
  volume={25},
  number={11},
  pages={112903},
  year={2020},
  publisher={International Society for Optics and Photonics}
}

@article{dinh2014nice,
  title={Nice: Non-linear independent components estimation},
  author={Dinh, Laurent and Krueger, David and Bengio, Yoshua},
  journal={arXiv preprint arXiv:1410.8516},
  year={2014}
}

@article{detommaso2019hint,
  title={Hint: Hierarchical invertible neural transport for general and sequential bayesian inference},
  author={Detommaso, Gianluca and Kruse, Jakob and Ardizzone, Lynton and Rother, Carsten and K{\"o}the, Ullrich and Scheichl, Robert},
  journal={stat},
  volume={1050},
  pages={25},
  year={2019}
}

@article{siahkoohi2021preconditioned,
  title={Preconditioned training of normalizing flows for variational inference in inverse problems},
  author={Siahkoohi, Ali and Rizzuti, Gabrio and Louboutin, Mathias and Witte, Philipp A and Herrmann, Felix J},
  journal={arXiv preprint arXiv:2101.03709},
  year={2021}
}

@article{witte2019large,
  title={A large-scale framework for symbolic implementations of seismic inversion algorithms in Julia},
  author={Witte, Philipp A and Louboutin, Mathias and Kukreja, Navjot and Luporini, Fabio and Lange, Michael and Gorman, Gerard J and Herrmann, Felix J},
  journal={Geophysics},
  volume={84},
  number={3},
  pages={F57--F71},
  year={2019},
  publisher={Society of Exploration Geophysicists}
}

@article{beard2011biomedical,
  title={Biomedical photoacoustic imaging},
  author={Beard, Paul},
  journal={Interface focus},
  volume={1},
  number={4},
  pages={602--631},
  year={2011},
  publisher={The Royal Society}
}

@article{xia2014photoacoustic,
  title={Photoacoustic tomography: principles and advances},
  author={Xia, Jun and Yao, Junjie and Wang, Lihong V},
  journal={Electromagnetic waves (Cambridge, Mass.)},
  volume={147},
  pages={1},
  year={2014},
  publisher={NIH Public Access}
}

@article{marzouk2016sampling,
  title={Sampling via measure transport: An introduction},
  author={Marzouk, Youssef and Moselhy, Tarek and Parno, Matthew and Spantini, Alessio},
  journal={Handbook of uncertainty quantification},
  pages={1--41},
  year={2016},
  publisher={Springer International Publishing}
}

@article{kovachki2020conditional,
  title={Conditional Sampling With Monotone GANs},
  author={Kovachki, Nikola and Baptista, Ricardo and Hosseini, Bamdad and Marzouk, Youssef},
  journal={arXiv preprint arXiv:2006.06755},
  year={2020}
}

@article{witte2020invertible,
  title={A Julia framework for invertible neural networks},
  author={Philipp Witte, Gabrio Rizzuti, Mathias Louboutin, Ali Siahkoohi, and Felix Herrmann},
  year={2020}
}


